@misc{Bairan,
  author        = {Xavier Sanchez Vila},
  title         = {Lecture notes in Groundwater Hydrology},
  year          = {2017},
  publisher={Polytechnic University of Catalonia}
}
