@misc{Bairan,
  author        = {Jesús Bairan},
  title         = {Lecture notes in Concrete Structures},
  year          = {2017},
  publisher={Universidad Politécnica de Cataluña}
}
