@misc{Bairan,
  author        = {Antonio Gens and Jean Vaunat},
  title         = {Lecture notes in Geotechnics},
  year          = {2017},
  publisher={Universidad Politécnica de Cataluña}
}
